@Book{новацкий1975теория,
    Title                   = {Теория упругости},
    Author                  = {Новацкий, В. К.},
    Publisher               = {М.:Мир},
    Year                    = {1975},
    Language                = {russian}
}

@Book{седов1973механика,
    Title                   = {Механика сплошной среды},
    Author                  = {Седов, Л.И.},
    Publisher               = {М.:Наука},
    Year                    = {1973},
    Edition                 = {2},
    Volume                  = {1--2},
    Language                = {russian}
}

@Book{кондауров1973основы,
    Title                   = {Основы термомеханики конденсированной среды},
    Author                  = {Кондауров, В.И. and Фортов, В.Е.},
    Publisher               = {М.:МФТИ},
    Year                    = {2002},
    Language                = {russian}
}

@Book{ландау1987теория,
    Title                   = {Теория упругости},
    Author                  = {Ландау, Л.Д. and Лифшиц, Е.М.},
    Publisher               = {М.:Наука, Главная редакция физико-математической литературы},
    Year                    = {1987},
    Edition                 = {4},
    Volume                  = {7},
    Language                = {russian}
}

@Book{реслер2011механическое,
    Title                   = {Механическое поведение конструкционных материалов. Пер. с нем. Учебное пособие},
    Author                  = {Реслер, И. and Хардерс, Х. and Бекер, М.},
    Publisher               = {М.:Долгопрудный Издательский Дом <<Интеллект>>},
    Year                    = {2011},
    Language                = {russian}
}

@Inproceedings{фаворская2011постановка,
    Title                  = {Постановка задачи численного моделирования динамических процессов в сплошной
                              линейно-упругой среде с анизотропией сеточно-характеристическим методом},
    Author                 = {Фаворская, А.В.},
    Booktitle              = {Труды 54-й научной конференции МФТИ: Проблемы фундаментальных и прикладных наук в
                              современном информационном обществе},
    Year                   = {2011},
    Volume                 = {2},
    Publisher              = {М.:МФТИ},
    Pages                  = {55--56},
    Language               = {russian}
}

@Book{hinton2004failure,
    Title                  = {Failure criteria in fibre reinforced polymer composites:
                              the world-wide failure exercise.},
    Author                 = {Hinton, M.J. and Kaddour, A.S.  and Soden, P.D.},
    Publisher              = {Oxford: Elsevier Science Ltd},
    Year                   = {2004},
    Language               = {english}
}

@Article{kaddour2013maturity,
    Author                 = {Kaddour, A.S. and Hinton, M.J.},
    Title                  = {Maturity of 3D failure criteria for fibre-reinforced composites:
                              Comparison between theories and experiments: Part B of WWFE-II},
    Journal                = {Journal of Composite Materials},
    Year                   = {2013},
    Volume                 = {47},
    Number                 = {6--7},
    Pages                  = {925--966},
    Language               = {english}
}

@Book{надаи1954пластичность,
    Title                  = {Пластичность и разрушение твёрдых тел},
    Author                 = {Надаи, А.},
    Publisher              = {М.: Иностранная литература},
    Year                   = {1954},
    NumPages               = {647},
    Language               = {russian}
}

@Article{coulomb1776essai,
    Title                  = {Essai sur une application des regles des maximis et minimis a
                              quelquels problemesde statique relatifs, a la architecture},
    Author                 = {Coulomb, C. A.},
    Journal                = {Mem. Acad. Roy. Div. Sav.},
    Volume                 = {7},
    Pages                  = {343--387},
    Year                   = {1776},
    Language               = {french}
}

@Book{ильюшин1948пластичность,
    Title                  = {Пластичность},
    Author                 = {А. А. Ильюшин},
    Publisher              = {М.: Гостехиздат},
    Year                   = {1948},
    NumPages               = {376},
    Language               = {russian}
}

@Article{иванов1990расчёт,
    Title                  = {Расчет динамического деформирования и разрушения упругопластических тел
                              сеточно-характеристическими методами},
    Author                 = {Иванов, В.Д. and Кондауров, В.И. and Петров, И.Б. and Холодов, А.С.},
    Journal                = {Матем. моделирование},
    Volume                 = {2},
    Number                  = {11},
    Year                   = {1990},
    Pages                  = {10--29}
}

@Article{drucker1952soil,
    Title                  = {Soil mechanics and plastic analysis for limit design},
    Author                 = {Drucker, D.C. and Prager, W.},
    Journal                = {Quarterly of Applied Mathematics},
    Volume                 = {10},
    Number                 = {2},
    Pages                  = {157--165},
    Year                   = {1952},
    Language               = {english}
}

@Article {hill1948theory,
    Title                  = {A Theory of the Yielding and Plastic Flow of Anisotropic Metals},
    Author                 = {Hill, R.},
    Journal                = {Proceedings of the Royal Society of London A: Mathematical, Physical and Engineering Sciences},
    Volume                 = {193},
    Number                 = {1033},
    Pages                  = {281--297},
    Year                   = {1948},
    Publisher              = {The Royal Society},
    Language               = {english}
}

@Article{tsai1971general,
    Title                  = {A General Theory of Strength for Anisotropic Materials},
    Author                 = {Tsai, S.W and Wu, E.M},
    Journal                = {Journal of Composite Materials},
    Volume                 = {5},
    Number                 = {1},
    Pages                  = {58--80},
    Year                   = {1971},
    Language               = {english}
}

@Article{hill1979theoretical,
    Title                  = {Theoretical plasticity of textured aggregates},
    Author                 = {Hill,R.},
    Journal                = {Mathematical Proceedings of the Cambridge Philosophical Society},
    Volume                 = {85},
    Number                 = {01},
    Pages                  = {179--191},
    Year                   = {1979},
    Language               = {english}
}

@Article{abrate2008criteria,
    Title                  = {Criteria for Yielding or Failure of Cellular Materials},
    Author                 = {Abrate, S.},
    Journal                = {Journal of Sandwich Structures \& Materials},
    Volume                 = {10},
    Number                 = {1},
    Pages                  = {5--51},
    Year                   = {2008},
    Language               = {english}
}

@Article{cazacu2001generalization,
    Title                  = {Generalization of Drucker's Yield Criterion to Orthotropy},
    Author                 = {Cazacu, O. and Barlat, F.},
    Journal                = {Mathematics and Mechanics of Solids},
    Volume                 = {6},
    Number                 = {6},
    Pages                  = {613--630},
    Year                   = {2001},
    Language               = {english}
}

@Article{liu1997asymmetric,
    Title                  = {On the asymmetric yield surface of plastically orthotropic materials:
                              A phenomenological study},
    Author                 = {Liu, C. and Huang, Y. and Stout, M.G.},
    Journal                = {Acta Materialia},
    Volume                 = {45},
    Number                 = {6},
    Pages                  = {2397--2406},
    Year                   = {1997},
    Language               = {english}
}

@Article{hashin1973fatigue,
    Title                  = {A Fatigue Failure Criterion for Fiber Reinforced Materials},
    Author                 = {Hashin, Z. and Rotem, A.},
    Journal                = {Journal of Composite Materials},
    Volume                 = {7},
    Number                 = {4},
    Pages                  = {448--464},
    Year                   = {1973},
    Language               = {english}
}

@Article{batra2012damage,
    Title                  = {Damage and failure in low energy impact of fiber-reinforced polymeric composite laminates},
    Author                 = {Batra, R.C and Gopinath, G. and Zheng, J.Q.},
    Journal                = {Composite Structures},
    Volume                 = {94},
    Number                 = {2},
    Pages                  = {540--547},
    Year                   = {2012},
    Language               = {english}
}

@Article{puck1969failure,
    Title                  = {On failure mechanisms and failure criteria of filament-wound glass-fibre/resin composites},
    Author                 = {Puck, A. and Schneider, W.},
    Journal                = {Plastics \& Polymers, The Plastics Institute Transactions and Journal},
    Month                  = {Feb.},
    Pages                  = {33--42},
    Year                   = {1969},
    Language               = {english}
}

@Article{puck2002failure,
    Title                  = {Failure analysis of FRP laminates by means of physically based phenomenological models},
    Author                 = {Puck, A. and Schurmann, H.},
    Journal                = {Composites Science and Technology},
    Volume                 = {62},
    Number                 = {12},
    Pages                  = {1633--1662},
    Year                   = {2002},
    Language               = {english}
}

@Book{олдер1967вычислительные,
    Title                  = {Вычислительные методы в гидродинамике},
    Author                 = {Олдер, Б. and Фернбах, С. and Ротенбер, М.},
    Publisher              = {М.:Мир},
    Year                   = {1967},
    NumPages               = {384},
    Language               = {russian}
}

@PhDThesis{потапов2009диссертация,
    Title                   = {Численное моделирование высокоскоростных соударений деформируемых тел
                               методом сглаженных частиц},
    Author                  = {Потапов, А.П.},
    School                  = {Московский физико-технический институт},
    Year                    = {2009},
    Language                = {russian}
}

@Article{monaghan1988introduction,
    Title                  = {An introduction to SPH},
    Author                 = {Monaghan, J.J.},
    Journal                = {Computer Physics Communications},
    Volume                 = {48},
    Number                 = {1},
    Pages                  = {89--96},
    Year                   = {1988},
    Language               = {english}
}

@Article{петров1984численное,
    Title                  = {Численное исследование некоторых динамических задач механики деформируемого твёрдого
                              тела сеточно-характеристическим методом},
    Author                 = {Петров, И.Б. and Холодов, А.С.},
    Journal                = {Журнал вычислительной математики и математической физики},
    Volume                 = {24},
    Number                 = {5},
    Pages                  = {722--739},
    Year                   = {1984},
    Language               = {russian}
}

@Book{федоренко528введение,
    Title                  = {Введение в вычислительную физику},
    Author                 = {Федоренко, Р.П},
    Publisher              = {М.:МФТИ},
    Year                   = {1994},
    NumPages               = {528},
    Language               = {russian}
}

@PhDThesis{челноков2005диссертация,
    Title                  = {Численное моделирование деформационных процессов в средах со сложной структурой},
    Author                 = {Челноков, Ф.Б.},
    School                 = {Московский физико-технический институт},
    Year                   = {2005},
    Language               = {russian}
}

@PhDThesis{васюков2012диссертация,
    Title                  = {Численное моделирование деформаций и повреждений в сложных конструкциях
                              при действии динамической нагрузки},
    Author                 = {Васюков, А.В.},
    School                 = {Московский физико-технический институт},
    Year                   = {2012},
    Language               = {russian}
}

@Article{петров2011библиотека,
    Title                 = {Библиотека по интерполяции высоких порядков на неструктурированных треугольных и
                            тетраэдральных сетках},
    Author                = {Петров, И.Б. and Фаворская, А.В.},
    Journal               = {Журнал Информационные технологии},
    Number                = {9},
    Pages                 = {30--32},
    Year                  = {2011},
    Language              = {russian}
}

@Book{магомедов1988схм,
    Title                  = {Сеточно-характеристические численные методы},
    Author                 = {Магомедов, К.М. and  Холодов, А.С.},
    Publisher              = {М.:Наука},
    Year                   = {1988},
    NumPages               = {290},
    Language               = {english}
}

@PhDThesis{паршиков2013диссертация,
    Title                  = {Численный метод SPH, использующий соотношения распада разрывов, и его применение в
                              механике деформируемых гетерогенных сред},
    Author                 = {Паршиков А.Н.},
    School                 = {ФГБУН Объединенный институт высоких температур РАН (ОИВТ РАН)},
    Year                   = {2013},
    Language               = {russian}
}

@Article{monaghan1989problem,
    Title                  = {On the problem of penetration in particle methods},
    Author                 = {Monaghan, J.J.},
    Journal                = {Journal of Computational Physics},
    Volume                 = {82},
    Pages                  = {1--15},
    Year                   = {1989},
    Language               = {english}
}

@Article{monaghan1997sph,
    Title                  = {SPH and Riemann Solvers},
    Author                 = {Monaghan, J.J.},
    Journal                = {Journal of Computational Physics},
    Volume                 = {136},
    Number                 = {2},
    Pages                  = {298--307},
    Year                   = {1997},
    Language               = {english}
}

@Article{harlow1965numerical,
    Title                  = {Numerical calculation of time-dependent viscous incompressible flowof fluid with free surfaces},
    Author                 = {Harlow, F.H. and Welch, J.E.},
    Journal                = {The Physics of Fluids},
    Volume                 = {8},
    Pages                  = {2182--2188},
    Year                   = {1965},
    Language               = {english}
}

@Inproceedings{огурцов1969анализ,
    Title                  = {Анализ упругих волн, возбуждаемых сосредоточенными источниками в анизотропных средах.
                              Распространение упругих и упруго-пластических волн},
    Author                 = {Огурцов, К.И. and Пахоменко, Л.С.},
    Booktitle              = {Материалы III Всесоюзного симпозиума. Сборник статей.},
    Year                   = {1969},
    Publisher              = {Издательство <<Фан>> Узбекистанской СССР},
    Language               = {russian}
}

@Article{hu2007stable,
    Title                  = {Stable Numerical Simulations of Propagations of Complex Damages in Composite
                              Structures Under Transverse Loads},
    Author                 = {Hu, N. and Zemba, Y. and Fukunaga, H. and Wang, H. and Elmarakbi, A.},
    Journal                = {Composites Science and Technology},
    Volume                 = {67},
    Pages                  = {752--765},
    Number                 = {3--4},
    Year                   = {2007},
    Language               = {english}
}

@Inproceedings{demidov2015new,
    Title                  = {New method of the polymeric material properties experimental investigation under powerful
                              energy flux impact},
    Author                 = {Demidov, B.A. and Efremov, V.P. and Kalinin, Yu.G. and Kazakov, E.D. and Metelkin, S.Yu. and
                              Petrov, V.A. and Potapenko A.I.},
    Booktitle              = {Proceedings of  XXX International Conference on  Interaction of Intense Energy Fluxes with Matter},
    Year                   = {2015},
    Publisher              = {Journal of Physics: Conference Series (JPCS)},
    Language               = {english}
}

@Article{петров2003численное,
    Title                  = {Численное исследование волновых процессов и процессов разрушения в многослойных преградах},
    Author                 = {Петров, И.Б. and Челноков, Ф.Б.},
    Journal                = {Журнал вычислительной математики и математической физики},
    Volume                 = {43},
    Pages                  = {1503--1519},
    Number                 = {10},
    Year                   = {2003},
    Language               = {russian}
}

@Article{губеладзе2010исследование,
    Title                  = {Исследование характера движения твёрдого тела после пробивания преграды под углом},
    Author                 = {Губеладзе, О.А. and Федоренко, С.В.},
    Journal                = {Известия Южного федерального университета. Технические науки},
    Volume                 = {106},
    Pages                  = {35--38},
    Number                 = {5},
    Year                   = {2010},
    Language               = {russian}
}

@Book{баженов2010полимерные,
    Title                  = {Полимерные композиционные материалы},
    Author                 = {Баженов, С.Л. and Берлин, А.А. and Кульков, А.А. and Ошмян В.Г.},
    Publisher              = {Долгопрудный: Издательский дом Интеллект},
    Year                   = {2010},
    NumPages               = {352},
    Language               = {russian}
}

@Book{миллс2011конструкционные,
    Title                  = {Конструкционные пластики --- микроструктура, характеристики, применения},
    Author                 = {Миллс, Н.},
    Publisher              = {Долгопрудный: Издательский дом Интеллект},
    Year                   = {2011},
    NumPages               = {512},
    Language               = {russian}
}

@Article{flower2003materials,
    Title                  = {Materials for airframes},
    Author                 = {Flower, H.M. and Soutis, C.},
    Journal                = {Aeronautical Journal},
    Volume                 = {107},
    Pages                  = {331--341},
    Number                 = {1072},
    Year                   = {2003},
    Language               = {english}
}

@Article{linde2006influence,
    Title                  = {Influence of modelling and solution methods on the FE-simulation of the post-buckling
                              behaviour of stiffened aircraft fuselage panels},
    Author                 = {Linde, P. and Schulz, A. and Rust, W.},
    Journal                = {Composite Structures},
    Volume                 = {73},
    Pages                  = {229--236},
    Number                 = {2},
    Year                   = {2006},
    Language               = {english}
}

@Book{кербер2011полимерные,
    Title                  = {Полимерные композиционные материалы. Структура. Свойства. Технологии},
    Author                 = {Кербер, М.Л.},
    Publisher              = {Спб.:Профессия},
    Year                   = {2011},
    NumPages               = {560},
    Language               = {russian}
}

@Book{буланов1998технология,
    Title                  = {Технология ракетных и авиакосмических конструкций из композиционных материалов.
                              Учеб. для вузов.},
    Author                 = {Буланов, И.М. and Воробей, В.В.},
    Publisher              = {М.: МГТУ им. Н.Э. Баумана},
    Year                   = {1998},
    NumPages               = {516},
    Language               = {russian}
}

@Book{васильев1988механика,
    Title                  = {Механика конструкций из композиционных материалов},
    Author                 = {Васильев, В.В.},
    Publisher              = {М.: Машиностроение},
    Year                   = {1988},
    NumPages               = {272},
    Language               = {russian}
}

@Article{richardson1996review,
    Title                  = {Review of low-velocity impact properties of composite materials},
    Author                 = {Richardson, M.O.W. and Wisheart, M.J.},
    Journal                = {Composites Part A-Applied Science and Manufacturing},
    Volume                 = {27},
    Pages                  = {1123-1131},
    Number                 = {12},
    Year                   = {1996},
    Language               = {russian}
}

@Book{победря1984механика,
    Title                  = {Механика композиционных материалов},
    Author                 = {Победря, Б.Е.},
    Publisher              = {М.: Изд-во Моск. ун-та},
    Year                   = {1984},
    NumPages               = {336},
    Language               = {russian}
}

@InBook{бахвалов1980осреднение,
    Title                  = {Осреднение процесса распространения коротких волн в периодических средах},
    BookTitle              = {Теория кубатурных формул и вычислительвычислительная математика},
    Author                 = {Бахвалов, Н.С.},
    Publisher              = {Новосибирск; Наука},
    Year                   = {1980},
    Pages                  = {3--11},
    Language               = {russian}
}

@Article{бахвалов1974осреднение,
    Title                  = {Осредненные характеристики тел с периодической структурой},
    Author                 = {Бахвалов, Н.С.},
    Journal                = {Доклады Академии Наук},
    Volume                 = {218},
    Pages                  = {1046--1048},
    Number                 = {5},
    Year                   = {1974},
    Language               = {russian}
}

@Book{лехницкий1977теория,
    Title                  = {Теория упругости анизотропного тела},
    Author                 = {Лехницкий, С.Г.},
    Publisher              = {М.:Наука},
    Edition                = {2},
    Year                   = {1977},
    NumPages               = {416},
    Language               = {russian}
}

@Book{лурье1955пространственные,
    Title                  = {Пространственные задачи теории упругости},
    Author                 = {Лурье, А.И.},
    Publisher              = {Гостехиздат, М.},
    Year                   = {1955},
    NumPages               = {491},
    Language               = {russian}
}


@Book{бреховских1973волны,
    Title                  = {Волны в слоистых средах},
    Author                 = {Бреховских, Л.М.},
    Publisher              = {Издательство <<Наука>>},
    Year                   = {1973},
    NumPages               = {343},
    Language               = {russian}
}

@Article{Zhupanska2010indentation,
    Title                  = {Indentation of a Rigid Sphere into an Elastic Half-Space in the Direction Orthogonal to
                              the Axis of Material Symmetry},
    Author                 = {Zhupanska, O.I.},
    Journal                = {Journal of Elasticity},
    Volume                 = {99},
    Pages                  = {147--161},
    Number                 = {2},
    Year                   = {2010},
    Language               = {english}
}

@PhDThesis{shahid1993progressive,
    Title                  = {Progressive Failure Analysis of Laminated Composites Subjected to In-Plane Tensile and
                              Shear Loads},
    Author                 = {Shahid, I.},
    School                 = {Stanford University},
    Year                   = {1993},
    Language               = {english}
}

@Article{crank1947practical,
    Title                  = {A practical method numerical integration of solution of partial differential equations of heat conduction type},
    Author                 = {Crank, J. and Nicolson, P.},
    Journal                = {Proc. Cambridge Philos. Soc.},
    Volume                 = {43},
    Pages                  = {50--67},
    Year                   = {1947},
    Language               = {english}
}

@Article{vonneumann1950method,
    Title                  = {A Method for the Numerical Calculation of Hydrodynamic Shocks},
    Author                 = {VonNeumann, J. and Richtmyer, R.D.},
    Journal                = {Journal of Applied Physics},
    Volume                 = {11},
    Pages                  = {232--237},
    Number                 = {3},
    Year                   = {1950},
    Language               = {english}
}

@Article{courant1952solution,
    Title                  = {On the solution of nonlinear hyperbolic differential equations by finite differences},
    Author                 = {Courant, R. and Isacson, E. and Rees, M.},
    Journal                = {Communications on Pure and Applied Mathematics},
    Volume                 = {5},
    Pages                  = {243--255},
    Number                 = {3},
    Year                   = {1952},
    Language               = {english}
}

@Article{lax1954weak,
    Title                  = {Weak solutions of nonlinear hyperbolic equations and their numerical computation},
    Author                 = {Lax, P.D.},
    Journal                = {Communications on Pure and Applied Mathematics},
    Volume                 = {7},
    Pages                  = {159--193},
    Number                 = {1},
    Year                   = {1954},
    Language               = {english}
}

@Article{лебедев1955уравнения,
    Title                  = {Уравнения и сходимость дифференциально-разностного метода (метода прямых)},
    Author                 = {Лебедев, В.И.},
    Journal                = {Вестник МГУ},
    Pages                  = {47--57},
    Number                 = {10},
    Year                   = {1955},
    Language               = {russian}
}

@Book{рябенький1956устойчивость,
    Title                  = {Об устойчивости разностных схемах},
    Author                 = {Рябенький, В.С. and Филиппов, А.Ф.},
    Publisher              = {М.:Гостехиздат},
    Year                   = {1956},
    NumPages               = {172},
    Language               = {russian}
}

@Article{годунов1957разностный,
    Title                  = {Разностный метод расчета ударных волн},
    Author                 = {Годунов, С.К.},
    Journal                = {Успехи математических наук},
    Pages                  = {176--177},
    Number                 = {12},
    Issue                  = {1},
    Year                   = {1957},
    Language               = {russian}
}

@Inproceedings{дородницын1958один,
    Title                  = {Об одном численном методе решения компьютерных задач аэродинамики
                              (метод интегральных соотношений)},
    Author                 = {Дородницын, А.А.},
    Booktitle              = {Труды III Всесоюзного математического съезда},
    Year                   = {1958},
    Volume                 = {III},
    Pages                  = {447--453},
    Language               = {russian}
}

@Inproceedings{владимиров1958численное,
    Title                  = {Численное решение кинетического уравнения для сферы},
    Author                 = {Владимиров, В.С.},
    Booktitle              = {Вычислительная математика},
    Year                   = {1958},
    Pages                  = {3--33},
    Language               = {russian}
}

@Inproceedings{белоцерковский1958расчёт,
    Title                  = {Расчет обтекания кругового цилиндра},
    Author                 = {Белоцерковский, О.М.},
    Booktitle              = {Вычислительная математика},
    Year                   = {1958},
    Pages                  = {185--194},
    Language               = {russian}
}

@Article{федоренко1962применение,
    Title                  = {Применение разностных схем высокого порядка точности для гиперболических уравнений},
    Author                 = {Федоренко, Р.П.},
    Journal                = {Журнал вычислительной математики и математической физики},
    Volume                 = {2},
    Number                 = {6},
    Pages                  = {1122--1128},
    Year                   = {1962},
    Language               = {russian}
}

@Inproceedings{ландау1958чтсленные,
    Title                  = {Численные методы интегрирования уравнения в частных производных методом сеток},
    Author                 = {Ландау, Л.Д. and Мейман, И.Н. and Халатников, И.М.},
    Booktitle              = {Труды III всесоюзного математического съезда},
    Year                   = {1958},
    Pages                  = {92--100},
    Language               = {russian}
}



@Article{lax1960system,
    Title                  = {System of conservation laws},
    Author                 = {Lax, P.D. and Wendroff, B.},
    Journal                = {Comm. Pure and Appl. Math.},
    Volume                 = {13},
    Number                 = {2},
    Pages                  = {217--237},
    Year                   = {1960},
    Language               = {russian}
}

@Article{тихонов1961однородные,
    Title                  = {Об однородных разностных схемах},
    Author                 = {Тихонов, А.Н. and Самарский, А.А.},
    Journal                = {Ж. вычисл. матем. и матем. физ.},
    Volume                 = {1},
    Number                 = {1},
    Pages                  = {5--63},
    Year                   = {1961},
    Language               = {russian}
}

@Book{партон2007механика,
    Title                  = {Механика разрушения: от теории к практике},
    Author                 = {Партон, В.З.},
    Publisher              = {М.: Изд-во ЛКИ},
    Year                   = {2007},
    NumPages               = {240},
    Language               = {russian}
}

@Book{морозов2008метод,
    Title                  = {Морозов, Е.М. and Никишков, Г.П.},
    Author                 = {Метод конечных элементов в механике разрушения},
    Publisher              = {М.: Изд-во ЛКИ},
    Year                   = {2008},
    NumPages               = {256},
    Language               = {russian}
}

@Article{bermudez1999finite,
    Title                  = {Finite element computation of three-dimensional elastoacoustic vibrations},
    Author                 = {Bermúdez, A. and Hervella-Nieto, L. and Rodríguez, R.},
    Journal                = {Journal of Sound nad Vibration},
    Volume                 = {219},
    Number                 = {2},
    Pages                  = {279--306},
    Year                   = {1999},
    Language               = {russian}
}

@Article{johnson1977high,
    Title                  = {High velocity impact calculation in three dimensions},
    Author                 = {Johnson, G.R.},
    Journal                = {J. Appl. Mech.},
    Volume                 = {44},
    Number                 = {3},
    Pages                  = {95--100},
    Year                   = {1977},
    Language               = {english}
}

@Article{петров1989численное,
    Title                  = {О численном изучении нестационарных процессов в деформируемых средах многослойной структуры},
    Author                 = {Петров, И.Б. and Тормасов, А.Г. and Холодов, А.С.},
    Journal                = {Механика твердого тела},
    Number                 = {4},
    Pages                  = {89-95},
    Year                   = {1989},
    Language               = {russian}
}


@Book{белоцерковский1994численное,
    Title                  = {Численное моделирование в механике сплошных сред},
    Author                 = {Белоцерковский, О.М.},
    Publisher              = {М.: Физико-математическая литература},
    Year                   = {1994},
    NumPages               = {441},
    Language               = {russian}
}

@Article{петров1986волнове,
    Title                  = {Волновые и откольные явления в слоистых оболочках конечной толщины},
    Author                 = {Петров, И.Б.},
    Journal                = {Механика твердого тела},
    Number                 = {4},
    Pages                  = {118--124},
    Year                   = {1986},
    Language               = {russian}
}

@Article{холодов1984регуляризация,
    Title                  = {О регуляризации разрывных численных решений уравнений гиперболического типа},
    Author                 = {Холодов, А.С. and Петров, И.Б.},
    Journal                = {Журнал вычисли тельной математики и мат. физики},
    Volume                 = {24},
    Number                 = {8},
    Pages                  = {1172--1188},
    Year                   = {1984},
    Language               = {russian}
}


@Inproceedings{майнчен1967тензор,
    Title                  = {Метод расчета <<тензор>>},
    Author                 = {Майчен, Дж. and Сак С.},
    Booktitle              = {Вычислительные методы в гидродинамике},
    Year                   = {1967},
    Pages                  = {185--211},
    Language               = {russian}
}






@Article{петров2015комбинированный,
    Title                  = {О комбинированном методе для численного решения динамических пространственных упругопластических задач},
    Author                 = {Петров, И.Б. and Фаворская, А.В. and Шевцов, А.В. and Васюков, А.В. and Потапов, А.П. and Ермаков, А.С.},
    Journal                = {Доклады Академии Наук},
    Volume                 = {460},
    Number                 = {4},
    Pages                  = {389--392},
    Year                   = {2015},
    Language               = {russian}
}

@Article{васюков2014комбинирование,
    Title                  = {Комбинирование сеточно-характеристического метода и метода сглаженных частиц в задачах
                              компьютерного моделирования упругопластических тел},
    Author                 = {Васюков, А.В. and Ермаков, А.С. and Петров, И.Б. and Потапов, А.П. and Фаворская, А.В. and Шевцов, А.В.},
    Journal                = {Информационные технологии},
    Number                 = {3},
    Pages                  = {19--24},
    Year                   = {2014},
    Language               = {russian}
}

@Article{беклемышева2013численное,
    Title                  = {Численное моделирование волновых процессов в многослойных материалах при
                              динамическом внешнем воздействии},
    Author                 = {Беклемышева, K.А. and Васюков, А.В. and Ермаков, А.С. and Петров, И.Б.},
    Journal                = {Вестник Балтийского федерального университета им. И. Канта},
    Number                 = {10},
    Pages                  = {7--14},
    Year                   = {2013},
    Language               = {russian}
}

@Article{петров2014схм,
    Title                  = {Сеточно-характеристический комбинированный метод для численного решения динамических
                              пространственных упругопластических задач.},
    Author                 = {Петров, И.Б. and Фаворская, А.В. and Шевцов, А.В. and Васюков, А.В. and Потапов, А.П. and Ермаков, А.С.},
    Journal                = {Журнал вычислительной математики и математической физики},
    Volume                 = {54},
    Number                 = {7},
    Pages                  = {1203--1217},
    Year                   = {2014},
    Language               = {russian}
}

@Article{petrov2014combined,
    Title                  = {Combined Grid Characteristic Method for the Numerical Solution of Three Dimensional
                              Dynamical Elastoplastic Problems},
    Author                 = {Petrov, I.B. and Favorskaya, A.V. and Shevtsov, A.V. and Vasyukov, A.V. and Potapov, A.P. and Ermakov, A.S.},
    Journal                = {Computational Mathematics and Mathematical Physics},
    Volume                 = {54},
    Number                 = {7},
    Pages                  = {1176--189},
    Year                   = {2014},
    Language               = {english}
}

@Article{петров2014численный,
    Title                  = {О численном моделировании волновых процессов в анизотропных средах},
    Author                 = {Петров, И.Б. and Фаворская, А.В. and Васюков, А.В. and Ермаков, А.С. and Беклемышева, К.А. and Казаков, А.О. and Новиков, А.В.},
    Journal                = {Доклады Академии Наук},
    Volume                 = {26},
    Number                 = {7},
    Pages                  = {19--32},
    Year                   = {2014},
    Language               = {russian}
}

@Article{беклемышева2014численное,
    Title                  = {Численное моделирование динамических процессов при низкоскоростном ударе по композитной стрингерной панели},
    Author                 = {Беклемышева, K.А. and Васюков, А.В. and Ермаков, А.С. and Петров, И.Б. and Дзюба, А.С. and  Голован, В.И.},
    Journal                = {Математическое моделирование},
    Volume                 = {26},
    Number                 = {9},
    Pages                  = {96--110},
    Year                   = {2014},
    Language               = {russian}
}

@Inproceedings{беклемышева2012численное,
    Title                  = {Численное моделирование волновых процессов в многослойных материалах при динамическом внешнем воздействии},
    Author                 = {Беклемышева, K.А. and Васюков, А.В. and Ермаков, А.С. and Петров, И.Б.},
    Booktitle              = {Труды 55-й научной конференции МФТИ},
    Year                   = {2012},
    Volume                 = {2},
    Publisher              = {М.:МФТИ},
    Pages                  = {28--29},
    Language               = {russian}
}

@Inproceedings{ермаков2013построение,
    Title                  = {О построении параллельной версии сеточно-характеристического метода},
    Author                 = {Ермаков, А.С. and Васюков, А.В.},
    Booktitle              = {Сб. трудов Математические и информационные модели управления},
    Year                   = {2013},
    Publisher              = {М.:МФТИ},
    Pages                  = {58--64},
    Language               = {russian}
}

@Inproceedings{беклемышева2013численное2,
    Title                  = {Численное моделирование деформации полимерного композитного материала при сжатии},
    Author                 = {Беклемышева, K.А. and Васюков, А.В. and Ермаков, А.С.},
    Booktitle              = {Сб. трудов МФТИ: Математические и информационные модели управления},
    Year                   = {2013},
    Publisher              = {М.:МФТИ},
    Pages                  = {44--47},
    Language               = {russian}
}

@Inproceedings{беклемышева2013численное3,
    Title                  = {Численное моделирование разрушения конструкций из многослойных материалов при низкоскоростном соударении},
    Author                 = {Беклемышева, K.А. and Васюков, А.В. and Ермаков, А.С. and Петров, И.Б.},
    Booktitle              = {Труды 56-й научной конференции МФТИ},
    Year                   = {2013},
    Volume                 = {2},
    Publisher              = {М.:МФТИ},
    Pages                  = {25--26},
    Language               = {russian}
}